<?xml version="1.0" encoding="UTF-8"?><collection xmlns="http://www.loc.gov/MARC21/slim"><record><leader>00621nam--2200193-i-4500</leader><controlfield tag="001">000030251</controlfield><controlfield tag="002">20161230</controlfield><controlfield tag="005">20161230201038</controlfield><controlfield tag="008">060222s1000------------r-----000-0-fre-d</controlfield><datafield ind1=" " ind2=" " tag="040"><subfield code="a">IFIN-HH</subfield></datafield><datafield ind1=" " ind2=" " tag="041"><subfield code="a">fre</subfield></datafield><datafield ind1=" " ind2=" " tag="080"><subfield code="a">537.533.35</subfield></datafield><datafield ind1="1" ind2=" " tag="100"><subfield code="a">Magnan, Claude</subfield></datafield><datafield ind1="1" ind2="0" tag="245"><subfield code="a">Traite de microscopie electronique</subfield><subfield code="b">Avec la collaboration de nina carasso, pierre favard, charles fert, agnes oberlin, adrien saulnier, cyril tchoubar</subfield><subfield code="c">Claude magnan (sous la direction de )</subfield></datafield><datafield ind1=" " ind2=" " tag="260"><subfield code="a">Paris</subfield><subfield code="b">Hermann</subfield><subfield code="c">1961</subfield></datafield><datafield ind1=" " ind2=" " tag="300"><subfield code="a">2 VOLME</subfield></datafield><datafield ind1=" " ind2=" " tag="787"><subfield code="a">Tome Ii</subfield><subfield code="h">Viii+/649p./1301p</subfield></datafield><datafield ind1=" " ind2=" " tag="852"><subfield code="a">21794</subfield></datafield><datafield ind1=" " ind2=" " tag="CAT"><subfield code="a">Sys</subfield><subfield code="c">20110902</subfield><subfield code="h">121016</subfield></datafield></record></collection>